@article{opt-from-samples,
  author    = {Eric Balkanski and
               Aviad Rubinstein and
               Yaron Singer},
  title     = {The Limitations of Optimization from Samples},
  journal   = {CoRR},
  volume    = {abs/1512.06238},
  year      = {2015},
  url       = {http://arxiv.org/abs/1512.06238},
  archivePrefix = {arXiv},
  eprint    = {1512.06238},
  timestamp = {Mon, 13 Aug 2018 16:46:21 +0200},
  biburl    = {https://dblp.org/rec/bib/journals/corr/BalkanskiRS15},
  bibsource = {dblp computer science bibliography, https://dblp.org}
}
@article{gershman2015computational,
	title={Computational rationality: A converging paradigm for intelligence in brains, minds, and machines},
	author={Gershman, Samuel J and Horvitz, Eric J and Tenenbaum, Joshua B},
	journal={Science},
	volume={349},
	number={6245},
	pages={273--278},
	year={2015},
	publisher={American Association for the Advancement of Science}
}

@misc{pathproblems-lec3,
	author        = {Tim Griffin},
	title         = {Lecture notes in Algebraic Path Problems},
	month         = {January},
	year          = {2018},
	publisher={Faculdade de Engenharia da Universidade do Porto},
	url={https://www.cl.cam.ac.uk/teaching/1718/L11/L11_2017_lecture_3_2up.pdf}
}


@book{liu2007changing,
	title={Changing for the better: Preference dynamics and agent diversity},
	author={Liu, Fenrong and others},
	year={2007},
	publisher={ILLC}
}

@phdthesis{girard2008modal,
	title={Modal logic for belief and preference change},
	author={Girard, Patrick and others},
	year={2008},
	school={Stanford University}
}

@article{amodei2016concrete,
	title={Concrete problems in AI safety},
	author={Amodei, Dario and Olah, Chris and Steinhardt, Jacob and Christiano, Paul and Schulman, John and Man{\'e}, Dan},
	journal={arXiv preprint arXiv:1606.06565},
	year={2016}
}

@article{dietrich2013preferences,
	title={Where do preferences come from?},
	author={Dietrich, Franz and List, Christian},
	journal={International Journal of Game Theory},
	volume={42},
	number={3},
	pages={613--637},
	year={2013},
	publisher={Springer}
}

@book{grune2009preference,
	title={Preference change: Approaches from philosophy, economics and psychology},
	author={Gr{\"u}ne-Yanoff, Till and Hansson, Sven Ove},
	volume={42},
	year={2009},
	publisher={Springer Science \& Business Media}
}

@article{boutilier2004cp,
	title={CP-nets: A tool for representing and reasoning withconditional ceteris paribus preference statements},
	author={Boutilier, Craig and Brafman, Ronen I and Domshlak, Carmel and Hoos, Holger H and Poole, David},
	journal={Journal of artificial intelligence research},
	volume={21},
	pages={135--191},
	year={2004}
}

@article{bostrom2012superintelligent,
	title={The superintelligent will: Motivation and instrumental rationality in advanced artificial agents},
	author={Bostrom, Nick},
	journal={Minds and Machines},
	volume={22},
	number={2},
	pages={71--85},
	year={2012},
	publisher={Springer}
}

@book{jeffrey1990logic,
	title={The logic of decision},
	author={Jeffrey, Richard C},
	year={1990},
	publisher={University of Chicago Press}
}
@book{savage1972foundations,
	title={The foundations of statistics},
	author={Savage, Leonard J},
	year={1972},
	publisher={Courier Corporation}
}

@article{dietrich2016belief,
	title={Belief revision generalized: A joint characterization of Bayes' and Jeffrey's rules},
	author={Dietrich, Franz and List, Christian and Bradley, Richard},
	journal={Journal of Economic Theory},
	volume={162},
	pages={352--371},
	year={2016},
	publisher={Elsevier}
}
@article{CheesemanProb,
	author = {Cheeseman, Peter},
	year = {2003},
	month = {03},
	pages = {},
	title = {In Defense of Probability},
	journal = {Proceedings of the Ninth International Joint Conference on Artificial Intelligence}
}
@book{halpern2017reasoning,
	title={Reasoning about uncertainty},
	author={Halpern, Joseph Y},
	year={2017},
	publisher={MIT press}
}
@article{pearl1989conditional,
  title={Conditional independence and its representations},
  author={Pearl, Judea and Geiger, Dan and Verma, Thomas},
  journal={Kybernetika},
  volume={25},
  number={7},
  pages={33--44},
  year={1989},
  publisher={Institute of Information Theory and Automation AS CR}
}
@book{aguiar2010monoidal,
  title={Monoidal functors, species and Hopf algebras},
  author={Aguiar, Marcelo and Mahajan, Swapneel Arvind},
  volume={29},
  year={2010},
  publisher={American Mathematical Society Providence, RI}
}

@article{elsner2004max,
	title={Max-algebra and pairwise comparison matrices},
	author={Elsner, Ludwig and Van Den Driessche, Pauline},
	journal={Linear Algebra and its Applications},
	volume={385},
	pages={47--62},
	year={2004},
	publisher={Elsevier}
}
@article{elsner2010max,
	title={Max-algebra and pairwise comparison matrices, II},
	author={Elsner, Ludwig and van den Driessche, P},
	journal={Linear Algebra and its Applications},
	volume={432},
	number={4},
	pages={927--935},
	year={2010},
	publisher={Elsevier}
}
@book{atlases,
	title={Introduction to Smooth Manifolds},
	author={Lee, John M.},
	year={2006},
	publisher={Springer-Verlag}
}
@inproceedings{Rockafellar1970ConvexA,
  title={Convex Analysis},
  author={R. Tyrrell Rockafellar},
  booktitle={Princeton Landmarks in Mathematics and Physics},
  year={1970}
}
@ARTICLE{strongconvexopt,  author={B. {Van Scoy} and R. A. {Freeman} and K. M. {Lynch}},  journal={IEEE Control Systems Letters},   title={The Fastest Known Globally Convergent First-Order Method for Minimizing Strongly Convex Functions},   year={2018},  volume={2},  number={1},  pages={49-54},}
@article{wainwright2008graphical,
  title={Graphical models, exponential families, and variational inference},
  author={Wainwright, Martin J and Jordan, Michael I and others},
  journal={Foundations and Trends{} in Machine Learning},
  volume={1},
  number={1--2},
  pages={1--305},
  year={2008},
  publisher={Now Publishers, Inc.}
}

@article{frey2012extending,
	title={Extending factor graphs so as to unify directed and undirected graphical models},
	author={Frey, Brendan J},
	journal={arXiv preprint arXiv:1212.2486},
	year={2012}
}

@article{halpern2015weighted,
	title={Weighted sets of probabilities and minimax weighted expected regret: new approaches for representing uncertainty and making decisions},
	author={Halpern,Joseph Y and Leung, Samantha},
	journal={Theory and Decision },
	year={2015},
	edition={79:3},
	pages={415--450}
}

@article{fixing-broken-elbo,
	author    = {Alexander A. Alemi and
	Ben Poole and
	Ian Fischer and
	Joshua V. Dillon and
	Rif A. Saurous and
	Kevin Murphy},
	title     = {An Information-Theoretic Analysis of Deep Latent-Variable Models},
	journal   = {CoRR},
	volume    = {abs/1711.00464},
	year      = {2017},
	url       = {http://arxiv.org/abs/1711.00464},
	archivePrefix = {arXiv},
	eprint    = {1711.00464},
	timestamp = {Mon, 13 Aug 2018 16:47:33 +0200},
	biburl    = {https://dblp.org/rec/journals/corr/abs-1711-00464.bib},
	bibsource = {dblp computer science bibliography, https://dblp.org}
}

@book{koller2009probabilistic,
	title={Probabilistic graphical models: principles and techniques},
	author={Koller, Daphne and Friedman, Nir},
	year={2009},
	publisher={MIT press}
}
@book{pearl2014probabilistic,
	title={Probabilistic Reasoning in Intelligent Systems: Networks of Plausible Inference},
	author={Pearl, J.},
	isbn={9780080514895},
	series={Morgan Kaufmann series in representation and reasoning},
	url={https://books.google.com/books?id=mn2jBQAAQBAJ},
	year={2014},
	publisher={Elsevier Science}
}
@article{heckerman2000dependency,
	title={Dependency networks for inference, collaborative filtering, and data visualization},
	author={Heckerman, David and Chickering, David Maxwell and Meek, Christopher and Rounthwaite, Robert and Kadie, Carl},
	journal={Journal of Machine Learning Research},
	volume={1},
	number={Oct},
	pages={49--75},
	year={2000}
}

@inproceedings{bethe,
	author={Pfister, Henry D.},
	title={The {G}ibbs Free Energy, the {B}ethe Free Entropy, and the Sum-Product Algorithm},
	year={2014},
	maintitle={Graphical Models and Inference: Breakthroughs and Insight from Spatial Coupling},
	institution={Duke University},
	howpublished={Invited Talk Supplementary Materials},
	url={http://pfister.ee.duke.edu/courses/ece590_gmi/bethe.pdf}
}

@article{jaynes1957information,
  title={Information theory and statistical mechanics},
  author={Jaynes, Edwin T},
  journal={Physical review},
  volume={106},
  number={4},
  pages={620},
  year={1957},
  publisher={APS}
}

@incollection{williamson2001foundations,
  title={Foundations for Bayesian networks},
  author={Williamson, Jon},
  booktitle={Foundations of Bayesianism},
  pages={75--115},
  year={2001},
  publisher={Springer}
}
@inproceedings{holmes2001independence,
  title={Independence relationships implied by d-separation in the Bayesian model of a causal tree are preserved by the maximum entropy model},
  author={Holmes, Dawn E},
  booktitle={AIP Conference Proceedings},
  volume={567},
  number={1},
  pages={296--307},
  year={2001},
  organization={American Institute of Physics}
}
@article{friston2009free,
  title={The free-energy principle: a rough guide to the brain?},
  author={Friston, Karl},
  journal={Trends in Cognitive Sciences},
  volume={13},
  number={7},
  pages={293--301},
  year={2009},
  publisher={Elsevier}
}
@book{mackay2003information,
  title={Information Theory, Inference and Learning Algorithms},
author={MacKay, David J. C.},
  year={2003},
  publisher={Cambridge University Press}
}
%joe
%author={MacKay, David J.C.and Mac Kay, David JC},
@book{cover2012elements,
  title={Elements of information theory},
  author={Cover, Thomas M and Thomas, Joy A},
  year={2012},
  publisher={John Wiley \& Sons}
}
@book{mezard2009information,
  title={Information, physics, and computation},
  author={Mezard, Marc and Montanari, Andrea},
  year={2009},
  publisher={Oxford University Press}
}
@article{kschischang2001sumproduct,  
    author={F. R. {Kschischang} and B. J. {Frey} and H. -. {Loeliger}}, 
    journal={IEEE Transactions on Information Theory},  
    title={Factor graphs and the sum-product algorithm},  
    year={2001}, 
    volume={47}, 
    number={2}, 
    pages={498-519},
}
@article{kingma2013autoencoding,
    title={Auto-Encoding Variational Bayes},
    author={Diederik P Kingma and Max Welling},
    journal={Proceedings of the International Conference on Learning Representations (ICLR)},
    year={2014},
    eprint={1312.6114},
    archivePrefix={arXiv},
    primaryClass={stat.ML}
}
