@article{pdg-aaai,
  title={Probabilistic Dependency Graphs},
  author={Oliver E Richardson and Joseph Y Halpern},
  % journal={AAAI},
  journal={AAAI '21},
  year={2021},
  eprint={2012.10800},
  archivePrefix={arXiv},
  primaryClass={cs.AI}
}
@article{one-true-loss,
  title={Loss as the Inconsistency of a Probabilistic Dependency Graph: Choose Your Model, Not Your Loss Function},
  author={Oliver E Richardson},
  % journal={AISTATS},
  journal={AISTATS '22},
  year={2022},
  eprint={2202.11862},
  archivePrefix={arXiv},
  primaryClass={cs.AI},
  %
  % pages = {2706-2735},
%   booktitle = {International Conference on Artificial Intelligence and Statistics, AISTATS 2022, 28-30 March 2022, Virtual Event},
%   editor = {Gustau Camps-Valls and Francisco J. R. Ruiz and Isabel Valera},
  series = {Proceedings of Machine Learning Research},
  volume = {151},
  publisher = {PMLR},
}
% @inproceedings{one-true-loss,
%   title = {Loss as the Inconsistency of a Probabilistic Dependency Graph: Choose Your Model, Not Your Loss Function},
%   author = {Oliver E Richardson},
%   journal={AISTATS '22},
%   year = {2022},
%   url = {https://proceedings.mlr.press/v151/richardson22b.html},
%   pages = {2706-2735},
%   booktitle = {International Conference on Artificial Intelligence and Statistics, AISTATS 2022, 28-30 March 2022, Virtual Event},
%   editor = {Gustau Camps-Valls and Francisco J. R. Ruiz and Isabel Valera},
%   series = {Proceedings of Machine Learning Research},
%   volume = {151},
%   publisher = {PMLR},
% }
@article{dahl2022primal,
  title={A Primal-Dual Interior-Point Algorithm For Nonsymmetric Exponential-Cone Optimization},
  author={Dahl, Joachim and Andersen, Erling D},
  journal={Mathematical Programming},
  volume={194},
  number={1},
  pages={341--370},
  year={2022},
  publisher={Springer}
}
@article{yuille2003concave,
  title={The Concave-Convex Procedure},
  author={Yuille, Alan L and Rangarajan, Anand},
  journal={Neural computation},
  volume={15},
  number={4},
  pages={915--936},
  year={2003},
  publisher={MIT Press}
}
@article{badenbroek2021algorithm,
  title={An algorithm for nonsymmetric conic optimization inspired by mosek},
  author={Badenbroek, Riley and Dahl, Joachim},
  journal={Optimization Methods and Software},
  pages={1--38},
  year={2021},
  publisher={Taylor \& Francis}
}
@article{chandrasekaran2012complexity,
  title={Complexity of inference in graphical models},
  author={Chandrasekaran, Venkat and Srebro, Nathan and Harsha, Prahladh},
  journal={arXiv preprint arXiv:1206.3240},
  year={2012}
}
Portions of this work were done while the first and third authors were at the Toyota Technological Institute in
Chicago. A preliminary version of this paper appeared in Proc. 24th Conference on Uncertainty in Artificial Intelligence (UAI), 2008 (Chandrasekaran et al., 2008)
@InProceedings{networkx,
  author =       {Aric A. Hagberg and Daniel A. Schult and Pieter J. Swart},
  title =        {Exploring Network Structure, Dynamics, and Function using NetworkX},
  booktitle =   {Proceedings of the 7th Python in Science Conference},
  pages =     {11 - 15},
  address = {Pasadena, CA USA},
  year =      {2008},
  editor =    {Ga\"el Varoquaux and Travis Vaught and Jarrod Millman},
}
@book{koller2009probabilistic,
	title={Probabilistic Graphical Models: Principles and Techniques},
	author={Koller, Daphne and Friedman, Nir},
	year={2009},
	publisher={MIT press}
}
@incollection{dcp-article,
  title={Disciplined convex programming},
  author={Grant, Michael and Boyd, Stephen and Ye, Yinyu},
  booktitle={Global optimization},
  pages={155--210},
  year={2006},
  publisher={Springer},
  % url={https://web.stanford.edu/~boyd/papers/pdf/mcg_thesis.pdf}
}
@phdthesis{dcp-thesis,
  author  = {Michael Charles Grant},
  title   = {Disciplined Convex Programming},
  school  = {Stanfor University},
  year    = {2004},
  month   = {December},
  url  = {https://web.stanford.edu/~boyd/papers/pdf/mcg_thesis.pdf}
}
@inproceedings{bodlaender1993linear,
  title={A linear time algorithm for finding tree-decompositions of small treewidth},
  author={Bodlaender, Hans L},
  booktitle={Proceedings of the twenty-fifth annual ACM symposium on Theory of computing},
  pages={226--234},
  year={1993}
}
@article{wainwright2008graphical,
  title={Graphical models, exponential families, and variational inference},
  author={Wainwright, Martin J and Jordan, Michael I and others},
  journal={Foundations and Trends{} in Machine Learning},
  volume={1},
  number={1--2},
  pages={1--305},
  year={2008},
  publisher={Now Publishers, Inc.}
}
@article{diamond2016cvxpy,
  author  = {Steven Diamond and Stephen Boyd},
  title   = {{CVXPY}: {A} {P}ython-embedded modeling language for convex optimization},
  journal = {Journal of Machine Learning Research},
  year    = {2016},
  volume  = {17},
  number  = {83},
  pages   = {1--5},
}
@article{agrawal2018rewriting,
  author  = {Agrawal, Akshay and Verschueren, Robin and Diamond, Steven and Boyd, Stephen},
  title   = {A rewriting system for convex optimization problems},
  journal = {Journal of Control and Decision},
  year    = {2018},
  volume  = {5},
  number  = {1},
  pages   = {42--60},
}
