@article{wainwright2008graphical,
  title={Graphical models, exponential families, and variational inference},
  author={Wainwright, Martin J and Jordan, Michael I and others},
  journal={Foundations and Trends{} in Machine Learning},
  volume={1},
  number={1--2},
  pages={1--305},
  year={2008},
  publisher={Now Publishers, Inc.}
}

@article{frey2012extending,
	title={Extending factor graphs so as to unify directed and undirected graphical models},
	author={Frey, Brendan J},
	journal={arXiv preprint arXiv:1212.2486},
	year={2012}
}

@article{halpern2015weighted,
	title={Weighted sets of probabilities and minimax weighted expected regret: new approaches for representing uncertainty and making decisions},
	author={Halpern,Joseph Y and Leung, Samantha},
	journal={Theory and Decision },
	year={2015},
	edition={79:3},
	pages={415--450}
}

@article{fixing-broken-elbo,
	author    = {Alexander A. Alemi and
	Ben Poole and
	Ian Fischer and
	Joshua V. Dillon and
	Rif A. Saurous and
	Kevin Murphy},
	title     = {An Information-Theoretic Analysis of Deep Latent-Variable Models},
	journal   = {CoRR},
	volume    = {abs/1711.00464},
	year      = {2017},
	url       = {http://arxiv.org/abs/1711.00464},
	archivePrefix = {arXiv},
	eprint    = {1711.00464},
	timestamp = {Mon, 13 Aug 2018 16:47:33 +0200},
	biburl    = {https://dblp.org/rec/journals/corr/abs-1711-00464.bib},
	bibsource = {dblp computer science bibliography, https://dblp.org}
}

@book{koller2009probabilistic,
	title={Probabilistic graphical models: principles and techniques},
	author={Koller, Daphne and Friedman, Nir},
	year={2009},
	publisher={MIT press}
}
@book{pearl2014probabilistic,
	title={Probabilistic Reasoning in Intelligent Systems: Networks of Plausible Inference},
	author={Pearl, J.},
	isbn={9780080514895},
	series={Morgan Kaufmann series in representation and reasoning},
	url={https://books.google.com/books?id=mn2jBQAAQBAJ},
	year={2014},
	publisher={Elsevier Science}
}
@article{heckerman2000dependency,
	title={Dependency networks for inference, collaborative filtering, and data visualization},
	author={Heckerman, David and Chickering, David Maxwell and Meek, Christopher and Rounthwaite, Robert and Kadie, Carl},
	journal={Journal of Machine Learning Research},
	volume={1},
	number={Oct},
	pages={49--75},
	year={2000}
}

@inproceedings{bethe,
	author={Pfister, Henry D.},
	title={The Gibbs Free Energy, the Bethe Free Entropy, and the Sum-Product Algorithm},
	year={2014},
	maintitle={Graphical Models and Inference: Breakthroughs and Insight from Spatial Coupling},
	institution={Duke University},
	howpublished={Invited Talk Supplementary Materials},
	url={http://pfister.ee.duke.edu/courses/ece590_gmi/bethe.pdf}
}

@article{jaynes1957information,
  title={Information theory and statistical mechanics},
  author={Jaynes, Edwin T},
  journal={Physical review},
  volume={106},
  number={4},
  pages={620},
  year={1957},
  publisher={APS}
}

@incollection{williamson2001foundations,
  title={Foundations for Bayesian networks},
  author={Williamson, Jon},
  booktitle={Foundations of Bayesianism},
  pages={75--115},
  year={2001},
  publisher={Springer}
}
@inproceedings{holmes2001independence,
  title={Independence relationships implied by d-separation in the Bayesian model of a causal tree are preserved by the maximum entropy model},
  author={Holmes, Dawn E},
  booktitle={AIP Conference Proceedings},
  volume={567},
  number={1},
  pages={296--307},
  year={2001},
  organization={American Institute of Physics}
}
@book{mezard2009information,
  title={Information, physics, and computation},
  author={Mezard, Marc and Montanari, Andrea},
  year={2009},
  publisher={Oxford University Press}
}
@article{kschischang2001sumproduct,  
    author={F. R. {Kschischang} and B. J. {Frey} and H. -. {Loeliger}}, 
    journal={IEEE Transactions on Information Theory},  
    title={Factor graphs and the sum-product algorithm},  
    year={2001}, 
    volume={47}, 
    number={2}, 
    pages={498-519},
}
