@book{aguiar2010monoidal,
  title={Monoidal functors, species and Hopf algebras},
  author={Aguiar, Marcelo and Mahajan, Swapneel Arvind},
  volume={29},
  year={2010},
  publisher={American Mathematical Society Providence, RI}
}

@article{elsner2004max,
	title={Max-algebra and pairwise comparison matrices},
	author={Elsner, Ludwig and Van Den Driessche, Pauline},
	journal={Linear Algebra and its Applications},
	volume={385},
	pages={47--62},
	year={2004},
	publisher={Elsevier}
}
@article{elsner2010max,
	title={Max-algebra and pairwise comparison matrices, II},
	author={Elsner, Ludwig and van den Driessche, P},
	journal={Linear Algebra and its Applications},
	volume={432},
	number={4},
	pages={927--935},
	year={2010},
	publisher={Elsevier}
}
@book{atlases,
	title={Introduction to Smooth Manifolds},
	author={Lee, John M.},
	year={2006},
	publisher={Springer-Verlag}
}
@inproceedings{Rockafellar1970ConvexA,
  title={Convex Analysis},
  author={R. Tyrrell Rockafellar},
  booktitle={Princeton Landmarks in Mathematics and Physics},
  year={1970}
}
@ARTICLE{strongconvexopt,  author={B. {Van Scoy} and R. A. {Freeman} and K. M. {Lynch}},  journal={IEEE Control Systems Letters},   title={The Fastest Known Globally Convergent First-Order Method for Minimizing Strongly Convex Functions},   year={2018},  volume={2},  number={1},  pages={49-54},}
