@article{codd1970relmodel,
	author	= {Codd, Edgar}
,	journal	= {Communications of the ACM}
,	title	= {Relational model of data for large shared data banks}
,	number	= {6}
,	pages	= {377--387}
,	volume	= {13}
,	year	= {1970}
}
@inproceedings{vardiquerycomplexity,
	author = {Vardi, Moshe Y.},
	title = {The Complexity of Relational Query Languages (Extended Abstract)},
	year = {1982},
	isbn = {0897910702},
	publisher = {Association for Computing Machinery},
	address = {New York, NY, USA},
	url = {https://doi.org/10.1145/800070.802186},
	doi = {10.1145/800070.802186},
	booktitle = {Proceedings of the Fourteenth Annual ACM Symposium on Theory of Computing},
	pages = {137–146},
	numpages = {10},
	location = {San Francisco, California, USA},
	series = {STOC ’82}
}
@inproceedings{fagin1986theory,
	title={The theory of data dependencies: a survey},
	author={Fagin, Ronald and Vardi, Moshe Y},
	booktitle={Mathematics of Information Processing: Proceedings of Symposia in Applied Mathematics},
	volume={34},
	pages={19--71},
	year={1986},
	organization={Amer. Math. Soc.}
}
@article{suciu2011probabilistic,
	title={Probabilistic databases},
	author={Suciu, Dan and Olteanu, Dan and R{\'e}, Christopher and Koch, Christoph},
	journal={Synthesis lectures on data management},
	volume={3},
	number={2},
	pages={1--180},
	year={2011},
	publisher={Morgan \& Claypool Publishers}
}
@article{richardson2006markov
	,	title	= {Markov logic networks}
	,	author	= {Richardson, Matthew and Domingos, Pedro}
	,	journal	= {Machine learning}
	,	volume	= {62}
	,	number	= {1}
	,	pages	= {107--136}
	,	year	= {2006}
	,	publisher	= {Springer}
}
