@article{opt-from-samples,
  author    = {Eric Balkanski and
               Aviad Rubinstein and
               Yaron Singer},
  title     = {The Limitations of Optimization from Samples},
  journal   = {CoRR},
  volume    = {abs/1512.06238},
  year      = {2015},
  url       = {http://arxiv.org/abs/1512.06238},
  archivePrefix = {arXiv},
  eprint    = {1512.06238},
  timestamp = {Mon, 13 Aug 2018 16:46:21 +0200},
  biburl    = {https://dblp.org/rec/bib/journals/corr/BalkanskiRS15},
  bibsource = {dblp computer science bibliography, https://dblp.org}
}
@article{gershman2015computational,
	title={Computational rationality: A converging paradigm for intelligence in brains, minds, and machines},
	author={Gershman, Samuel J and Horvitz, Eric J and Tenenbaum, Joshua B},
	journal={Science},
	volume={349},
	number={6245},
	pages={273--278},
	year={2015},
	publisher={American Association for the Advancement of Science}
}