%% Regularization ~= Bayesian Prior

@article{williams1995bayesian,
  title={Bayesian regularization and pruning using a Laplace prior},
  author={Williams, Peter M},
  journal={Neural computation},
  volume={7},
  number={1},
  pages={117--143},
  year={1995},
  publisher={MIT Press}
}
@article{rennie2003l2,
  title={On l2-norm regularization and the Gaussian prior},
  author={Rennie, Jason},
  year={2003},
  publisher={Citeseer}
}
@misc{probinterpblogpost,
	howpublished={\url{https://bjlkeng.github.io/posts/probabilistic-interpretation-of-regularization/}}
}
@misc{probinterptowardsds,
	howpublished={\url{https://towardsdatascience.com/a-bayesian-take-on-model-regularization-9356116b6457}}
}
@misc{mitcourse,
	howpublished={\url{https://www.mit.edu/~9.520/spring09/Classes/class15-bayes.pdf}}
}



@article{richardson2020probabilistic,
      title={Probabilistic Dependency Graphs},
      author={Oliver Richardson and Joseph Y Halpern},
	  journal={AAAI},
	  year={2021},
      eprint={2012.10800},
      archivePrefix={arXiv},
      primaryClass={cs.AI}
}
@article{higgins2016beta,
  title={beta-vae: Learning basic visual concepts with a constrained variational framework},
  author={Higgins, Irina and Matthey, Loic and Pal, Arka and Burgess, Christopher and Glorot, Xavier and Botvinick, Matthew and Mohamed, Shakir and Lerchner, Alexander},
  year={2016}
}
@article{blei2017variational,
  title={Variational inference: A review for statisticians},
  author={Blei, David M and Kucukelbir, Alp and McAuliffe, Jon D},
  journal={Journal of the American statistical Association},
  volume={112},
  number={518},
  pages={859--877},
  year={2017},
  publisher={Taylor \& Francis}
}
@article{van2014renyi,
  title={R{\'e}nyi divergence and Kullback-Leibler divergence},
  author={Van Erven, Tim and Harremos, Peter},
  journal={IEEE Transactions on Information Theory},
  volume={60},
  number={7},
  pages={3797--3820},
  year={2014},
  publisher={IEEE}
}
@inproceedings{renyi1961measures,
  title={On measures of entropy and information},
  author={R{\'e}nyi, Alfr{\'e}d},
  booktitle={Proceedings of the Fourth Berkeley Symposium on Mathematical Statistics and Probability, Volume 1: Contributions to the Theory of Statistics},
  pages={547--561},
  year={1961},
  organization={University of California Press}
}
@article{fadeev1957begriff,
  title={Zum Begriff der Entropie einer endlichen Wahrscheinlichkeitsschemas},
  author={Fadeev, DK},
  journal={Arbeiten zur Informationstheorie I. Deutscher Verlag der Wissenschaften},
  pages={85--90},
  year={1957}
}
@book{mackay2003information:relentropy,
  title={Information theory, inference and learning algorithms},
  author={MacKay, David JC and Mac Kay, David JC},
  year={2003},
  publisher={Cambridge university press},
  pages={34}
}
@book{mackay2003information,
  title={Information theory, inference and learning algorithms},
  author={MacKay, David JC and Mac Kay, David JC},
  year={2003},
  publisher={Cambridge university press}
}
@article{cichocki2010families,
  title={Families of alpha-beta-and gamma-divergences: Flexible and robust measures of similarities},
  author={Cichocki, Andrzej and Amari, Shun-ichi},
  journal={Entropy},
  volume={12},
  number={6},
  pages={1532--1568},
  year={2010},
  publisher={Molecular Diversity Preservation International}
}
@article{nielsen2011chernoff,
  title={Chernoff information of exponential families},
  author={Nielsen, Frank},
  journal={arXiv preprint arXiv:1102.2684},
  year={2011}
}
@article{salimans2016improved,
  title={Improved techniques for training gans},
  author={Salimans, Tim and Goodfellow, Ian and Zaremba, Wojciech and Cheung, Vicki and Radford, Alec and Chen, Xi},
  journal={Advances in neural information processing systems},
  volume={29},
  pages={2234--2242},
  year={2016}
}
@article{tribus1961information,
  title={Information theory as the basis for thermostatics and thermodynamics},
  author={Tribus, Myron},
  year={1961}
}
@article{myung2003tutorial,
  title={Tutorial on maximum likelihood estimation},
  author={Myung, In Jae},
  journal={Journal of mathematical Psychology},
  volume={47},
  number={1},
  pages={90--100},
  year={2003},
  publisher={Elsevier}
}

@misc{deepgennotes,
    author= {Grover, Aditya and Ermon, Stefano},
    title= {Lecture notes in Deep Generative Models},
    year={2018},
    publisher={Stanford University},
    volume={CS236},
    howpublished={\url{deepgenerativemodels.github.io/notes/}}
}
