@article{wainwright2008graphical,
  title={Graphical models, exponential families, and variational inference},
  author={Wainwright, Martin J and Jordan, Michael I and others},
  journal={Foundations and Trends{} in Machine Learning},
  volume={1},
  number={1--2},
  pages={1--305},
  year={2008},
  publisher={Now Publishers, Inc.}
}

@article{halpern2015weighted,
	title={Weighted sets of probabilities and minimax weighted expected regret: new approaches for representing uncertainty and making decisions},
	author={Halpern,Joseph Y and Leung, Samantha},
	journal={Theory and Decision },
	year={2015},
	edition={79:3},
	pages={415--450}
}