@book{lee2013smooth,
  title={Smooth Manifolds},
  author={Lee, John M},
  booktitle={Introduction to Smooth Manifolds},
  pages={50--55},
  year={2013},
  publisher={Springer}
}
@article{nash1956imbedding,
  title={The imbedding problem for Riemannian manifolds},
  author={Nash, John},
  journal={Annals of mathematics},
  pages={20--63},
  year={1956},
  publisher={JSTOR}
}
@book{chentsov,
  title={Statiscal Decision Rules and Optimal Inference},
  author={Chentsov, Nikolai Nikolaevich},
  volume={53},
  year={1982},
  publisher={American Mathematical Society},
  editor={Lev J. Leifman},
  isbn={0-8218-4502-0},
  issn={0065-9282}
}
