@article{CheesemanProb,
	author = {Cheeseman, Peter},
	year = {2003},
	month = {03},
	pages = {},
	title = {In Defense of Probability},
	journal = {Proceedings of the Ninth International Joint Conference on Artificial Intelligence}
}
@book{halpern2017reasoning,
	title={Reasoning about uncertainty},
	author={Halpern, Joseph Y},
	year={2017},
	publisher={MIT press}
}
@article{pearl1989conditional,
  title={Conditional independence and its representations},
  author={Pearl, Judea and Geiger, Dan and Verma, Thomas},
  journal={Kybernetika},
  volume={25},
  number={7},
  pages={33--44},
  year={1989},
  publisher={Institute of Information Theory and Automation AS CR}
}
